@phdthesis{image-basedPUF,
  title={Image-based physical unclonable functions for anti-counterfeiting.},
  author={Shariati, Saloomeh and others},
  year={2013},
  school={Catholic University of Louvain, Louvain-la-Neuve, Belgium}
}\textbf{}

@article{tarjan1972depth,
	title={Depth-first search and linear graph algorithms},
	author={Tarjan, Robert},
	journal={SIAM journal on computing},
	volume={1},
	number={2},
	pages={146--160},
	year={1972},
	publisher={SIAM}
}

@book{munkres2014topology,
	title={Topology},
	author={Munkres, James},
	year={2014},
	publisher={Pearson Education}
}